<?xml version="1.0" encoding="UTF-8"?><record xmlns="http://www.loc.gov/MARC21/slim" xmlns:cinclude="http://apache.org/cocoon/include/1.0" xmlns:zs="http://www.loc.gov/zing/srw/">
  <leader>00350nz  a2200121n  4500</leader>
  <controlfield tag="001">n  85001964 </controlfield>
  <controlfield tag="003">DLC</controlfield>
  <controlfield tag="005">19850322153431.9</controlfield>
  <controlfield tag="008">850214n| acannaab|          |n aaa ||| b</controlfield>
  <datafield tag="010" ind1=" " ind2=" ">
    <subfield code="a">n  85001964 </subfield>
  </datafield>
  <datafield tag="040" ind1=" " ind2=" ">
    <subfield code="a">DNLM</subfield>
    <subfield code="c">DLC</subfield>
    <subfield code="d">DLC</subfield>
  </datafield>
  <datafield tag="100" ind1="1" ind2="0">
    <subfield code="a">Epstein, F. H.</subfield>
  </datafield>
  <datafield tag="670" ind1=" " ind2=" ">
    <subfield code="a">Changing trends in coronary heart disease mortality, 1985:</subfield>
    <subfield code="b">CIP t.p. (F.H. Epstein, ZuĚrich)</subfield>
  </datafield>
</record>